@inproceedings{tarasov2011benchmarking,
  title={Benchmarking File System Benchmarking: It* IS* Rocket Science.},
  author={Tarasov, Vasily and Bhanage, Saumitra and Zadok, Erez and Seltzer, Margo},
  booktitle={HotOS},
  volume={13},
  pages={1--5},
  year={2011}
}

@article{boettiger2015introduction,
  title={An introduction to Docker for reproducible research},
  author={Boettiger, Carl},
  journal={ACM SIGOPS Operating Systems Review},
  volume={49},
  number={1},
  pages={71--79},
  year={2015},
  publisher={ACM}
}


@online{TLDP,
  author ={The Linux Documentation Project},
  title = {The Linux System Administrators Guide 5.10.Filesystems},
  url = {http://www.tldp.org/LDP/sag/html/filesystems.html},
  urldate = {Accessed: 2017-11-28}
}

